@article{mackey1978unified,
  title={Unified hypothesis for the origin of aplastic anemia and periodic hematopoiesis},
  author={Mackey, Michael C},
  journal={Blood},
  volume={51},
  number={5},
  pages={941--956},
  year={1978},
  publisher={American Society of Hematology}
}